@article{Ghosh:SelfHealingSurvey:2007,
 author = {Ghosh, Debanjan and Sharman, Raj and Raghav Rao, H. and Upadhyaya, Shambhu},
 title = {Self-healing Systems - Survey and Synthesis},
 journal = {Decis. Support Syst.},
 issue_date = {January, 2007},
 volume = {42},
 number = {4},
 year = {2007},
 issn = {0167-9236},
 pages = {2164--2185},
 numpages = {22},
 publisher = {Elsevier Science Publishers B. V.},
} 
