@article{Ghosh:SelfHealingSurvey:2007,
 author = {Ghosh, Debanjan and Sharman, Raj and Raghav Rao, H. and Upadhyaya, Shambhu},
 title = {Self-healing Systems - Survey and Synthesis},
 journal = {Decis. Support Syst.},
 issue_date = {January, 2007},
 volume = {42},
 number = {4},
 year = {2007},
 issn = {0167-9236},
 pages = {2164--2185},
 numpages = {22},
 publisher = {Elsevier Science Publishers B. V.},
} 


@article{Harald:SelfHealingSurvey:2011,
  author={Psaier, Harald and Dustdar, Schahram},
  title={A survey on self-healing systems: approaches and systems},
  journal={Computing},
  issue_date = {2010/08/05},
  volume={91},
  number={1},
  year={2011},
  issn={0010-485X, 1436-5057},
  pages={43--73},
  publisher={Springer}
}



@article{Keromytis:SelfHealingSurvey:2011,   
  author={Angelos D.,Keromytis},
  title={Characterizing Software Self-healing Systems},
  journal={Computing},
  issue_date = {2010/08/05},
  volume={91},
  number={1},
  year={2011},
  issn={978-3-540-73985-2 978-3-540-73986-9},
  pages={22-33},
  publisher={Springer}
}


@article{Crnkovic:SelfHealingSurvey:2005,
 author = {Crnkovic, Ivica},
 title = {Component-based Software Engineering for Embedded Systems},
 booktitle = {Proceedings of the 27th International Conference on Software Engineering},
 numpages = {2},
 series = {ICSE '05},
 year = {2005},
 isbn = {1-58113-963-2},
 pages = {712--713},
 publisher = {ACM},
} 




