


@article{kephart2003vision,
  title={The vision of autonomic computing},
  author={Kephart, Jeffrey O and Chess, David M},
  journal={Computer},
  volume={36},
  number={1},
  pages={41--50},
  year={2003},
  publisher={IEEE}
}